<?xml version="1.0" encoding="UTF-8"?><collection><record><leader>06161ntm a2200529 a 4500</leader><controlfield tag="001">005989444</controlfield><controlfield tag="003">MiAaHDL</controlfield><controlfield tag="005">20190719000000.0</controlfield><controlfield tag="006">m        d        </controlfield><controlfield tag="007">cr bn ---auaua</controlfield><controlfield tag="008">090407s17uu    xx            00| ||ara d</controlfield><datafield tag="035" ind1=" " ind2=" "><subfield code="a">(MiU)005989444</subfield></datafield><datafield tag="035" ind1=" " ind2=" "><subfield code="a">sdr-miu005989444</subfield></datafield><datafield tag="040" ind1=" " ind2=" "><subfield code="a">MiU</subfield><subfield code="c">MiU</subfield><subfield code="e">amremm</subfield></datafield><datafield tag="043" ind1=" " ind2=" "><subfield code="a">n-us-mi</subfield></datafield><datafield tag="100" ind1="1" ind2=" "><subfield code="6">880-01</subfield><subfield code="a">Qārī al-Harawī, ʻAlī ibn Sulṭān Muḥammad,</subfield><subfield code="d">-1605 or 1606.</subfield></datafield><datafield tag="245" ind1="1" ind2="3"><subfield code="6">880-03</subfield><subfield code="a">al-Ḥirz al-thamīn lil-Ḥiṣn al-ḥaṣīn,</subfield><subfield code="f">[18th century?].</subfield></datafield><datafield tag="246" ind1="3" ind2=" "><subfield code="i">Title from inscription on fol.1a (p.1):</subfield><subfield code="a">حصن الحصين شرح علي القاري</subfield></datafield><datafield tag="260" ind1=" " ind2=" "><subfield code="c">[17--?]</subfield></datafield><datafield tag="300" ind1=" " ind2=" "><subfield code="a">190 leaves :</subfield><subfield code="b">paper ;</subfield><subfield code="c">227 x 163 (117 x 111) mm. bound to 230 x 175 mm.</subfield></datafield><datafield tag="500" ind1=" " ind2=" "><subfield code="a">Shelfmark: Ann Arbor, University of Michigan, Special Collections Library, Isl. Ms. 54</subfield></datafield><datafield tag="500" ind1=" " ind2=" "><subfield code="a">Origin: Lacks dated scribal colophon. Paper suggests 18th century.</subfield></datafield><datafield tag="500" ind1=" " ind2=" "><subfield code="a">Accompanying materials: Various inserts, mainly scraps with little to no writing but also a folded document (paginated pp.5-6, pp.67-68/the document, pp.253-254, and pp.273-274).</subfield></datafield><datafield tag="500" ind1=" " ind2=" "><subfield code="a">Former shelfmark: British Museum, London "No. 14. Hisn al-hasin." ; on tail of textblock "٣٦" ; on interior of upper cover and fol.1a (p.1) "١٩".</subfield></datafield><datafield tag="500" ind1=" " ind2=" "><subfield code="a">Binding: Pasteboards covered in dark brown leather ; Type II binding (with flap) ; board linings in paper ; upper and lower covers carrying blind-stamped scalloped mandorla with recessed paper onlay, filled with floral vegetal composition, along with blind-stamped rosette accents and border in incised fillets ; sewn in cream thread, mainly two stations, alternately sewn from two central stations through location where primaries would be sewn ; endbands entirely gone ; in poor condition with sever moisture damage, shrinkage, staining, abrasion, ill-fitting flap (small) ; assorted repairs.</subfield></datafield><datafield tag="500" ind1=" " ind2=" "><subfield code="a">Support: European laid paper with 11 laid lines per cm. (vertical) and chain lines spaced 21-22 mm. apart ; watermark of grapes with banner and crown above ; lightly burnished.</subfield></datafield><datafield tag="500" ind1=" " ind2=" "><subfield code="a">Decoration: Keywords rubricated ; text being commented upon overlined in red ; occasional textual dividers in the form of red discs.</subfield></datafield><datafield tag="500" ind1=" " ind2=" "><subfield code="a">Script: Naskh ; elegant Ottoman hand ; frequent right-sloping head-serifs ; effect of tilt to the left ; many closed counters ; many descenders quite rounded (majmūʻah) ; point of final nūn often assimilated with bowl ; occasional superscripting at end of line.</subfield></datafield><datafield tag="500" ind1=" " ind2=" "><subfield code="a">Layout: Written in 27 lines per page ; frame-ruled.</subfield></datafield><datafield tag="500" ind1=" " ind2=" "><subfield code="a">Collation: 15 VI (180), V (190) ; chiefly sexternions ; last two leaves left blank ; catchwords present ; foliation in Hindu-Arabic numerals (off) ; pagination in pencil, Western numerals, supplied during digitization (mistakenly skips from p.171 to p.180).</subfield></datafield><datafield tag="500" ind1=" " ind2=" "><subfield code="a">Colophon: "Authorial," rectangular, reads: "وانتهى فراغ تحرير هذا الشرح وتنميقه بعون الله تعالى وتوفيقه بمكة المشرفة قبالة القبلة المعظمة في النصف الاخير من جمادى الاخرى من شهور عام همان بعد الالف من الهجرة النبوية على صاحبها الاف صلاة والوف تحية والحمد لله الذي بنعمته تتم الصالحات ... ويرحم الله عبدا قال امينا"</subfield></datafield><datafield tag="500" ind1=" " ind2=" "><subfield code="a">Explicit: "والحمد لله اولا واخرا وباطنا وظاهرا وصلاته وفي نسخة على سيند الخلق وفي نسخة واشرفهم محمد وعلى اله وصحبه وسلام اي سلام الله تعالى كذلك عليه وعليهم انتهى"</subfield></datafield><datafield tag="500" ind1=" " ind2=" "><subfield code="a">Incipit: "الحمد لله الذي جعل ذكره حصنا حصينا من كل باب ودعاه حرز امينا للثواب ... اما بعد فيقول [افقر] عباد الله الغني واحوجهم الى كرمه الوفي ولطفه الحفي علي بن سلطان محمد الهروي ... ان هذا شرح متوسط غير مخل ولا ممل للطالبين على كتاب الحصن [الحصين لشيخ] القراء والمحدثين ... الشيخ محمد بن محمد الجزري ... برد الله مضجعه وافاض علينا من مدده ... [سميته الحرز] الثمين للحصن الحصين حيث يبين ضبظ مبانيه ..."</subfield></datafield><datafield tag="500" ind1=" " ind2=" "><subfield code="a">Title from opening on fol.1b (p.2).</subfield></datafield><datafield tag="500" ind1=" " ind2=" "><subfield code="a">Ms. codex.</subfield></datafield><datafield tag="510" ind1="4" ind2=" "><subfield code="a">Brockelmann, C. GAL</subfield><subfield code="c">II 203</subfield></datafield><datafield tag="520" ind1="8" ind2=" "><subfield code="a">Elegant though much damaged copy of al-Qārī al-Harawī's commentary al-Ḥirz al-thamīn on al-Jazarī's al-Ḥiṣn al-Ḥaṣīn, a devotional work.</subfield></datafield><datafield tag="538" ind1=" " ind2=" "><subfield code="a">Mode of access: Internet.</subfield></datafield><datafield tag="541" ind1=" " ind2=" "><subfield code="c">Purchase ;</subfield><subfield code="a">Acquired by purchase along with Abdul Hamid Collection (funds donated by Horace Rackham).</subfield><subfield code="d">1924.</subfield></datafield><datafield tag="546" ind1=" " ind2=" "><subfield code="a">Arabic.</subfield></datafield><datafield tag="561" ind1=" " ind2=" "><subfield code="a">Bookplate of British Museum, London on lower cover, "British Museum, London. No. 14. Hisn al-hasin." ; circular seal impression with figure of goat/gazelle in purple ink as well as inscription "407" in Western numerals on fol.1a (p.1) ; circular waqf-seal impression in black ink appears on fol.1a (p.1) and several places throughout, reads: "هذا وقف الراجي فيض الصمدي الشيخ احمد ضيا الدين ابن مصطفى الخالدي فمن بدله بعد ما سمعه فانما اثمه على الذين يبدلونه" in name of Aḥmad Ḍiyāʼ al-Dīn ibn Muṣṭafá al-Khālidī (i.e. Ahmed Ziyâüddîn Gümüşhanevî, d. 1893 or 4) ; occasional marginal corrections and glosses in hand of copyist.</subfield></datafield><datafield tag="600" ind1="1" ind2="0"><subfield code="a">Ibn al-Jazarī, Muḥammad ibn Muḥammad,</subfield><subfield code="d">1350-1429.</subfield><subfield code="t">Ḥiṣn al-ḥaṣīn min kalām Sayyid al-mursalīn.</subfield></datafield><datafield tag="650" ind1=" " ind2="0"><subfield code="a">Manuscripts, Arabic</subfield><subfield code="z">Michigan</subfield><subfield code="z">Ann Arbor.</subfield></datafield><datafield tag="650" ind1=" " ind2="0"><subfield code="a">Islam</subfield><subfield code="v">Prayers and devotions</subfield><subfield code="v">Early works to 1800.</subfield></datafield><datafield tag="773" ind1="0" ind2=" "><subfield code="a">Tiflis Collection.</subfield></datafield><datafield tag="880" ind1="1" ind2="2"><subfield code="6">245-03/</subfield><subfield code="a">الحرز الثمين للحصن الحصين,</subfield><subfield code="f">[القرن 18م].</subfield></datafield><datafield tag="880" ind1="1" ind2=" "><subfield code="6">100-01/</subfield><subfield code="a">قاري الهروي، علي بن سلطان محمد.</subfield></datafield><datafield tag="CID" ind1=" " ind2=" "><subfield code="a">005989444</subfield></datafield><datafield tag="DAT" ind1="0" ind2=" "><subfield code="a">20190719102634.0</subfield><subfield code="b">20190719000000.0</subfield></datafield><datafield tag="DAT" ind1="1" ind2=" "><subfield code="a">20190719090653.0</subfield><subfield code="b">2019-07-19T16:10:55Z</subfield></datafield><datafield tag="DAT" ind1="2" ind2=" "><subfield code="a">2015-10-10T18:00:06Z</subfield></datafield><datafield tag="CAT" ind1=" " ind2=" "><subfield code="a">SDR-MIU</subfield><subfield code="d">EX LIBRIS - ALEPH</subfield><subfield code="l">prepare.pl-004-008</subfield></datafield><datafield tag="FMT" ind1=" " ind2=" "><subfield code="a">BK</subfield></datafield><datafield tag="HOL" ind1=" " ind2=" "><subfield code="0">sdr-miu005989444</subfield><subfield code="a">MiU</subfield><subfield code="b">SDR</subfield><subfield code="c">MIU</subfield><subfield code="p">mdp.39015079105428</subfield><subfield code="s">MIU</subfield><subfield code="1">005989444</subfield></datafield><datafield tag="974" ind1=" " ind2=" "><subfield code="b">MIU</subfield><subfield code="c">MIU</subfield><subfield code="d">20190719</subfield><subfield code="s">lit-dlps-dc</subfield><subfield code="u">mdp.39015079105428</subfield><subfield code="y">1799</subfield><subfield code="r">pd</subfield><subfield code="q">bib</subfield><subfield code="t">non-US bib date1 &lt; 1896</subfield></datafield></record></collection>